<?xml version="1.0" encoding="UTF-8"?>
<record xmlns="http://www.loc.gov/MARC21/slim">
   <leader>00901cam a2200193 a 4500</leader>
   <controlfield tag="001">3769992</controlfield>
   <controlfield tag="003">NjP</controlfield>
   <controlfield tag="005">20180227170641.0</controlfield>
   <controlfield tag="008">021029s1985    ir            000 0 ara d</controlfield>
   <datafield tag="024" ind1="7" ind2=" ">
      <subfield code="a">princeton_aco004520</subfield>
      <subfield code="2">local</subfield>
   </datafield>
   <datafield ind1=" " ind2=" " tag="035">
      <subfield code="a">3769992</subfield>
   </datafield>
   <datafield ind1=" " ind2=" " tag="040">
      <subfield code="a">NjP</subfield>
      <subfield code="c">NjP</subfield>
   </datafield>
   <datafield ind1="1" ind2=" " tag="100">
      <subfield code="a">Khalkhālī, Ṣādiq.</subfield>
   </datafield>
   <datafield ind1="1" ind2="3" tag="245">
      <subfield code="a">al-Nikāḥ fī sharḥ Sharāyiʻ al-Islām lil-shaykh al-ajall Abī al-Qāsim Najm al-Dīn al-muḥaqqiq al-mudaqqiq al-Imām al-ʻAllāmah Jaʻfar ibn Yaḥyá ibn Saʻīd (qaddasa sirrah) /</subfield>
      <subfield code="c">li-muʾallifihi Ṣādiq al-Khalkhālī.</subfield>
   </datafield>
   <datafield ind1=" " ind2=" " tag="260">
      <subfield code="a">[Iran] :</subfield>
      <subfield code="b">Daftar Muʻaẓẓam la-hu,</subfield>
      <subfield code="c">[1985]</subfield>
   </datafield>
   <datafield ind1=" " ind2=" " tag="300">
      <subfield code="a">2 v. ;</subfield>
      <subfield code="c">24 cm.</subfield>
   </datafield>
   <datafield ind1=" " ind2=" " tag="500">
      <subfield code="a">Preface dated: 1405 [1985]</subfield>
   </datafield>
   <datafield ind1="0" ind2="0" tag="600">
      <subfield code="a">Muḥaqqiq al-Ḥillī, Jaʻfar ibn al-Ḥasan,</subfield>
      <subfield code="d">1205 or 6-1277.</subfield>
      <subfield code="t">Sharāʾiʻ al-Islām.</subfield>
   </datafield>
   <datafield ind1=" " ind2="0" tag="650">
      <subfield code="a">Marriage (Islamic law)</subfield>
      <subfield code="0">http://id.loc.gov/authorities/subjects/sh85081448</subfield>
   </datafield>
   <datafield ind1=" " ind2=" " tag="904">
      <subfield code="a">kc</subfield>
      <subfield code="b">a</subfield>
      <subfield code="h">n</subfield>
      <subfield code="c">t</subfield>
      <subfield code="e">20021029</subfield>
   </datafield>
   <datafield ind1=" " ind2=" " tag="902">
      <subfield code="a">kc</subfield>
      <subfield code="b">o</subfield>
      <subfield code="6">a</subfield>
      <subfield code="7">m</subfield>
      <subfield code="d">v</subfield>
      <subfield code="f">2</subfield>
      <subfield code="e">20021029</subfield>
   </datafield>
   <datafield ind1="8" ind2=" " tag="852">
      <subfield code="0">4077873</subfield>
      <subfield code="b">rcppa</subfield>
      <subfield code="h">2271.3553.7555 1985</subfield>
      <subfield code="x">tr fr f</subfield>
   </datafield>
   <datafield ind1=" " ind2="0" tag="866">
      <subfield code="0">4077873</subfield>
      <subfield code="a">al-Qism 1-al-qism 2</subfield>
   </datafield>
   <datafield ind1=" " ind2="0" tag="866">
      <subfield code="0">4077873</subfield>
      <subfield code="x">DESIGNATOR: al-qism</subfield>
   </datafield>
   <datafield ind1=" " ind2=" " tag="959">
      <subfield code="a">2002-10-29 15:47:41 -0500</subfield>
   </datafield>
</record>
